@Misc{Pressler2023a,
  author = {Pressler,Ron and Bateman,Alan},
  month  = sep,
  title  = {JEP 444: Virtual Threads},
  year   = {2023},
  url    = {https://openjdk.org/jeps/444},
}

@Misc{Bateman2023,
  author = {Bateman, Alan},
  month  = aug,
  title  = {The Challenges of Introducing Virtual Threads to the Java Platform - Project Loom},
  year   = {2023},
  url    = {https://www.youtube.com/watch?v=WsCJYQDPrrE&ab_channel=Java},
}

@Misc{Pressler2023b,
  author = {Pressler,Ron},
  month  = aug,
  title  = {Continuations - Under the Covers},
  year   = {2023},
  url    = {https://www.youtube.com/watch?v=6nRS6UiN7X0&t=3s&ab_channel=Java},
}

@Misc{Bateman2024,
  author = {Bateman, Alan},
  month  = feb,
  title  = {Java's Virtual Threads - Next Steps},
  year   = {2024},
  url    = {https://www.youtube.com/watch?v=KBW4LbCoo6c&ab_channel=Java},
}

@Article{Little_1961,
  author    = {Little, John D. C.},
  journal   = {Operations Research},
  title     = {A Proof for the Queuing Formula: L = Î»W},
  year      = {1961},
  issn      = {1526-5463},
  month     = jun,
  number    = {3},
  pages     = {383--387},
  volume    = {9},
  doi       = {https://doi.org/10.1287/opre.9.3.383},
  publisher = {Institute for Operations Research and the Management Sciences (INFORMS)},
}

@Comment{jabref-meta: databaseType:bibtex;}
